@preamble{ "\newcommand{\noopsort}[1]{} "
	# "\newcommand{\printfirst}[2]{#1} "
	# "\newcommand{\singleletter}[1]{#1} "
	# "\newcommand{\switchargs}[2]{#2#1} " }

@ARTICLE{8299426,
author={Y. {Li} and H. {Zhang} and H. {Zhu} and J. {Li} and W. {Yan} and Y. {Wu}},
journal={IEEE Access},
title={IBAS: Index Based A-Star},
year={2018},
volume={6},
number={},
pages={11707-11715},
keywords={computational complexity;directed graphs;graph theory;IBAS algorithm;efficient classical algorithm;shortest path problem;evaluation function;heuristic value;current vertex;unknown vertex coordinates;latest arrival index;shortest distance;source vertex;index based A-star algorithm;reverse earliest arrival index;intermediate vertices;useless vertices;time complexity;space complexity;Indexes;Shortest path problem;Heuristic algorithms;Time complexity;Upper bound;Roads;Shortest path;A-star algorithm;pruning strategy;index},
doi={10.1109/ACCESS.2018.2808407},
ISSN={2169-3536},
month={},}

@ARTICLE{6678359,
author={L. H. {U} and H. J. {Zhao} and M. L. {Yiu} and Y. {Li} and Z. {Gong}},
journal={IEEE Transactions on Knowledge and Data Engineering},
title={Towards Online Shortest Path Computation},
year={2014},
volume={26},
number={4},
pages={1012-1025},
keywords={broadcasting;client-server systems;driver information systems;query processing;radio networks;radionavigation;wireless channels;online shortest path computation;live traffic circumstances;modern car navigation systems;live traffic information collection;radio network;wireless network;live traffic index;broadcasting channel;LTI;query response time;broadcast size;maintenance time;Indexes;Roads;Servers;Maintenance engineering;Computational modeling;Time factors;Navigation;Shortest path;air index;broadcasting},
doi={10.1109/TKDE.2013.176},
ISSN={1041-4347},
month={April},}

@Article{Jeong2010,
author="Jeong, Yeon-Jeong
and Kim, Tschangho John
and Park, Chang-Ho
and Kim, Dong-Kyu",
title="A dissimilar alternative paths-search algorithm for navigation services: A heuristic approach",
journal="KSCE Journal of Civil Engineering",
year="2010",
month="Jan",
day="01",
volume="14",
number="1",
pages="41--49",
issn="1976-3808",
doi="10.1007/s12205-010-0041-8",
url="https://doi.org/10.1007/s12205-010-0041-8"
}

@Article{Fu2018,
author="Fu, Lunce
and Dessouky, Maged",
title="Algorithms for a special class of state-dependent shortest path problems with an application to the train routing problem",
journal="Journal of Scheduling",
year="2018",
month="Jun",
day="01",
volume="21",
number="3",
pages="367--386",
issn="1099-1425",
doi="10.1007/s10951-017-0535-z",
url="https://doi.org/10.1007/s10951-017-0535-z"
}

@article{BERCZI201893,
title = "Arrival time dependent routing policies in public transport",
journal = "Discrete Applied Mathematics",
volume = "251",
pages = "93 - 102",
year = "2018",
issn = "0166-218X",
doi = "https://doi.org/10.1016/j.dam.2018.05.031",
url = "http://www.sciencedirect.com/science/article/pii/S0166218X18302920",
author = "Kristóf Bérczi and Alpár Jüttner and Marco Laumanns and Jácint Szabó",
keywords = "Public transport, Routing policy, Stochastic route planning, Utility function"
}

@article{PUNCHENG201671,
title = "Optimal route computation for circular public transport routes with differential fare structure",
journal = "Travel Behaviour and Society",
volume = "3",
pages = "71 - 77",
year = "2016",
issn = "2214-367X",
doi = "https://doi.org/10.1016/j.tbs.2015.09.001",
url = "http://www.sciencedirect.com/science/article/pii/S2214367X15000290",
author = "Lilian S.C. Pun-Cheng and Albert W.F. Chan",
keywords = "Route computation, Optimal path, Public transport, Circular routes"
}

@article{QUDDUS2015328,
title = "Shortest path and vehicle trajectory aided map-matching for low frequency GPS data",
journal = "Transportation Research Part C: Emerging Technologies",
volume = "55",
pages = "328 - 339",
year = "2015",
note = "Engineering and Applied Sciences Optimization (OPT-i) - Professor Matthew G. Karlaftis Memorial Issue",
issn = "0968-090X",
doi = "https://doi.org/10.1016/j.trc.2015.02.017",
url = "http://www.sciencedirect.com/science/article/pii/S0968090X15000728",
author = "Mohammed Quddus and Simon Washington",
keywords = "GPS, Digital map, Map-matching algorithm, Vehicle trajectory, A search algorithm, Genetic algorithm"
}

@article{IDRI2017692,
title = "A new time-dependent shortest path algorithm for multimodal transportation network",
journal = "Procedia Computer Science",
volume = "109",
pages = "692 - 697",
year = "2017",
note = "8th International Conference on Ambient Systems, Networks and Technologies, ANT-2017 and the 7th International Conference on Sustainable Energy Information Technology, SEIT 2017, 16-19 May 2017, Madeira, Portugal",
issn = "1877-0509",
doi = "https://doi.org/10.1016/j.procs.2017.05.379",
url = "http://www.sciencedirect.com/science/article/pii/S1877050917310487",
author = "Abdelfattah Idri and Mariyem Oukarfi and Azedine Boulmakoul and Karine Zeitouni and Ali Masri",
keywords = "time-dependent shortest path algorithm, multimodal transportation network, time-dependent network"
}

@article{clanok_scirp1,
title = "Shortest Alternate Path Discovery through Recursive Bounding Box Pruning",
journal = "Journal of Transportation Technologies",
volume = "7",
pages = "167 - 180",
year = "2017",
doi = "10.4236/jtts.2017.72012",
url = "https://www.scirp.org/journal/PaperInformation.aspx?PaperID=75464",
author = "Parmar, R. and Trivedi, B."
}

@article{clanok_scirp2,
title = "Optimal Path Finding Method Study Based on Stochastic Travel Time",
journal = "Journal of Transportation Technologies",
volume = "3",
number="4",
pages = "260 - 265",
year = "2013",
doi = "10.4236/jtts.2013.34027",
url = "https://www.scirp.org/journal/PaperInformation.aspx?PaperID=37830",
author = "Z. Sun, W. Gu, Y. Zhao and C. Wang"
}